@article{guttman1984rtrees,
  author    = {Guttman, A.},
  title     = {R-trees},
  journal   = {ACM SIGMOD Record},
  volume    = {14},
  number    = {2},
  pages     = {47--57},
  year      = {1984},
  month     = jun,
  doi       = {10.1145/971697.602266},
  url       = {https://doi.org/10.1145/971697.602266}
}

@misc{ann_benchmarks,
  author       = {Erik Bernhardsson},
  title        = {ann-benchmarks: Benchmarking Nearest Neighbor Libraries},
  year         = {2015},
  howpublished = {\url{https://github.com/erikbern/ann-benchmarks}},
  note         = {Accessed: 2025-10-11}
}
